2461 3449
1401 105 2218 138 ’C—-fi-—n——ss—

568 157 1617 250 CONSIDERATIO
1738 161 1831 254 V.
2156 193 2209 279 ς

992 276 1129 362 De
1170 274 1478 358 Morte.
2238 163 2259 437 Ι

284 450 295 462 ,.
318 414 400 455 ““,““
411 410 427 462 j·
481 420 497 439 ⁸
512 404 765 456 Ransaeds
782 401 992 454 tandem
1012 401 1115 452 five
1128 394 1478 469 pluribuS‚five
1490 400 1807 466 paucioribus
1823 404 1874 451 in
1889 401 1984 454 hac
1996 406 2105 456 vita
2120 421 2215 458 an·

251 461 264 474 ⁰
364 523 369 529 .
402 471 417 505 '⁸
480 459 490 476 s
547 478 624 524 nis
638 474 757 523 hinc
777 470 1138 530 abeundunn&
1159 469 1260 520 alio
1280 467 1605 536 migrandum
1629 472 1737 519 erit.
1782 474 1984 523 Moriere
2006 475 2178 542 itaque
2193 511 2208 533 ‚

262 534 278 589 ,’
304 531 357 580 st*
415 533 423 539 ‘
447 537 504 587 :NJ
547 551 737 594 moriere
751 569 764 603 ;
782 541 927 600 noli3‚
944 541 1073 590 velis
1090 557 1104 589 τ
1161 542 1360 590 Moriere
1374 578 1386 590 .
1406 538 1563 586 etiam
1581 540 1633 587 in
1647 538 1820 588 medio
1836 541 1978 590 cursu
2006 542 2179 610 gloriae
2194 582 2208 604 ‚

485 618 502 642 ·'
550 614 604 662 in
618 609 947 678 voluptatum
963 610 1238 666 affluentia,
1254 609 1309 656 in
1324 604 1641 656 fortunarum
1655 645 1669 665 ‚
1685 614 1955 678 rerumque
1970 614 2208 663 omnium

249 677 573 732 abundantia.
610 683 814 732 Moriere
825 682 1074 741 dfirturus
1095 680 1290 734 omnia,
1303 674 1358 726 δε
1378 673 1442 724 ab
1456 674 1695 726 omnibus
1709 681 1981 737 deferendus.
2017 681 2211 732 Divina

249 749 355 818 lege
371 749 662 807 sz'cstatutum
680 750 737 809 ι’[ἶ
751 752 962 799 omnibus
974 751 1257 798 hominihus.
1324 750 1495 795 Nemo
1510 744 1627 793 hinc
1657 760 1938 815 exemthS.
1988 750 2204 809 Qalem

249 819 495 869 arbitraris
510 817 613 868 fore
628 831 748 867 tunc
764 818 947 867 sortem
961 828 1108 867 tuam
1122 815 1149 871 ‘3
1164 814 1379 875 Qalem
1395 813 1621 882 praesagis
1635 829 1856 873 mortem
1876 827 1890 865 ἰ
1909 820 1984 866 Ex
2001 827 2098 869 vita
2114 833 2205 869 tua

250 887 456 951 conjice.
492 892 634 937 Mors
650 886 907 955 ingeniose
924 903 1027 935 non
1040 886 1221 951 magIS,
1233 884 1392 953 quam
1410 881 1528 933 vere
1543 919 1555 939 ‚
1574 886 1690 934 Echo
1702 891 1808 934 vicae
1821 883 1889 933 est
1919 888 2168 954 appellata
2187 915 2201 951 ;

245 959 318 1005 ita
331 960 459 1006 mala
473 961 621 1014 make,
638 960 748 1005 bona
761 957 881 1004 hona
896 952 1223 1024 respondebit.
1259 952 1318 1002 Id
1331 965 1389 1000 ut
1401 951 1652 1020 intelligas
1672 995 1684 1012 ,
1708 951 1775 1002 ad
1787 969 1892 1012 εοε,
1905 959 1992 1023 qui
2015 968 2064 1005 te
2078 973 2202 1025 prae-
2274 1000 2276 1004 .

246 1023 449 1081 cedunt,
467 1035 704 1074 converte
719 1035 965 1073 mentem.
1038 1027 1099 1072 Et
1126 1022 1332 1072 observa
1355 1022 1526 1088 primo
1540 1035 1702 1071 unum
1721 1028 2020 1091 quempiam
2047 1030 2203 1077 mori-

242 1091 681 1153 bundum‚croceis
698 1096 1020 1150 innutritum,
1040 1095 1130 1161 qui
1144 1098 1285 1143 duxit
1294 1100 1349 1142 in
1358 1093 1486 1140 bonis
1498 1097 1592 1141 dies
1598 1099 1717 1146 suos.
1754 1097 1819 1142 A.
1860 1096 2054 1143 Enerve
2068 1112 2201 1146 nunc

240 1161 371 1226 jacet
384 1179 551 1227 corpus,
569 1161 867 1211 destitutum
886 1161 1098 1220 viribus,
1121 1159 1473 1211 exacerbatum
1492 1158 1747 1210 doloribus
1769 1199 1783 1220 ‚
1811 1161 2095 1230 oppressum
2111 1181 2200 1215 an·

239 1230 428 1299 gustiiS‚
441 1230 495 1282 &
513 1232 657 1281 tanto
670 1235 846 1282 minus
862 1246 902 1278 ae
961 1230 1170 1281 itudinis
1185 1233 1396 1299 patiens,
1411 1243 1476 1346 gu
1484 1230 1602 1279 anto
1615 1233 1779 1348 magis
1792 1234 2101 1285 innutritum
2113 1233 2199 1284 de-

240 1301 384 1351 liciis.
422 1304 640 1369 Angitur
652 1320 841 1351 animus
857 1316 884 1348 a
934 1300 1136 1350 alterius
1150 1298 1333 1351 mundi
1347 1299 1408 1349 de
1445 1298 1589 1348 uetus
1604 1315 1698 1348 con
1738 1303 1822 1350 nia
1835 1338 1849 1360 ‚
1865 1299 1918 1352 &
1937 1301 2001 1352 ad
2018 1313 2197 1354 aeterm'-

237 1379 350 1422 tatis
369 1368 566 1420 aditum
584 1367 900 1426 constitutusz
912 1371 1113 1419 visurus
1128 1386 1256 1420 mox
1273 1382 1435 1419 novas
1449 1371 1691 1437 regiones,
1706 1385 1856 1437 puros
1876 1369 2088 1438 spirituS,
2104 1376 2133 1431 J
2136 1388 2197 1422 u·

238 1437 405 1489 dicem
420 1438 762 1496 tremendum,
777 1436 995 1488 tribunal
1007 1438 1206 1503 justitiae
1220 1434 1630 1507 rigorofiffimum
1643 1438 1837 1489 nescius
1855 1477 1869 1498 ‚
1883 1439 2008 1508 quid
2025 1440 2196 1491 secum

235 1505 295 1556 fit
308 1506 557 1558 futurum.
591 1512 622 1556 B
658 1512 884 1576 Torquet
898 1510 1086 1557 interea
1106 1510 1325 1578 graviter
1341 1505 1698 1557 conscientiam
1725 1511 1915 1558 vermis
1944 1508 2195 1560 commiffi

177 1602 205 2152 1
233 1579 442 1645 peccati3
456 1576 507 1628 ὃς
523 1588 637 1626 ante
652 1576 828 1626 oculos
843 1575 998 1644 pofit'a
1011 1576 1269 1627 transastae
1287 1578 1408 1628 vitae
1421 1575 1698 1643 turpitudo.
1736 1579 1789 1626 C.
1829 1581 2043 1647 urgente
2056 1595 2195 1629 mor-

232 1658 286 1695 te
301 1663 389 1696 cor
407 1647 635 1715 palpitat,
651 1646 902 1695 anhelitus
921 1649 1130 1713 premit,
1156 1645 1210 1697 ὅ(
1238 1646 1434 1696 subiens
1447 1661 1534 1713 per
1556 1643 1787 1696 membra
1818 1648 1935 1716 gelu
1955 1661 2192 1699 extremae

234 1716 537 1765 calamitatis
558 1714 792 1764 sudorem
810 1715 1071 1782 protrudit.
1106 1721 1154 1765 D
1189 1721 1406 1768 Daemon
1420 1717 1648 1764 animam
1662 1726 1739 1765 tot
1751 1715 2014 1767 sceleribus
2030 1717 2191 1768 obno-

234 1785 375 1834 xiam
390 1781 477 1834 fibi
488 1783 742 1842 vendicat,
755 1800 869 1851 quae
886 1787 1071 1851 recepit
1081 1784 1211 1835 bona
1226 1789 1278 1835 in
1295 1788 1404 1835 vita
1420 1782 1519 1832 sua.
1556 1787 1594 1832 E
1634 1788 1853 1835 Unicum
1862 1788 2080 1842 Matium
2093 1787 2188 1838 effi:

232 1851 390 1921 posset
405 1854 620 1916 atrimae
643 1878 657 1914 3
684 1852 768 1902 sed
791 1856 878 1921 qui
894 1856 1077 1904 vivens
1093 1854 1224 1904 hanc
1237 1872 1340 1904 non
1361 1851 1536 1911 coluit,
1554 1857 1774 1903 moriens
1811 1853 1873 1904 de
1898 1871 1957 1906 ea
1967 1856 2186 1925 gaudere

225 1939 328 1971 non
343 1918 515 1990 potest.
550 1924 597 1971 Si
614 1921 884 1989 poenitudo
907 1924 1142 1974 animum
1171 1923 1370 1981 subeat,
1401 1920 1467 1970 est
1482 1921 1569 1971 illa
1596 1923 1836 1974 Antiochi
1889 1947 1930 1979 π.
1956 1929 2182 1986 Machab‚

224 2007 321 2056 cap.
345 2014 391 2051 9.
414 1993 504 2060 qui
523 1997 885 2046 milerzccrdinm
896 2010 990 2041 non
1005 1995 1062 2042 eli
1076 2000 1348 2048 consecutus.
1394 1996 1428 2040 F
1466 1993 1711 2060 Fugitque
1726 1992 1917 2044 occafio
1931 1995 2181 2045 ulterioris

222 2057 340 2110 boni
353 2057 588 2110 faciendi.
621 2063 743 2109 Haec
755 2061 892 2110 enim
907 2059 1035 2124 justa
1054 2064 1203 2130 impii
1216 2076 1362 2129 poena
1378 2059 1462 2121 est,
1475 2072 1535 2110 ut
1549 2061 1666 2111 cum
1683 2061 1900 2112 noluerit
1925 2062 2050 2114 bene
2066 2080 2183 2133 age-

221 2144 290 2185 re,
303 2129 509 2197 quando
527 2141 736 2196 poterat,
757 2145 858 2179 non
879 2128 1038 2197 pellit,
1053 2131 1259 2200 quando
1272 2131 1432 2181 volet.
1464 2134 1686 2180 Moritur
1711 2134 1884 2200 itaque
1907 2131 2082 2183 infelix
2096 2170 2110 2193 ‚
2124 2133 2177 2186 δε

220 2214 323 2246 non
335 2210 442 2248 tam
456 2198 557 2266 ipse
573 2196 749 2246 deferit
764 2201 910 2257 vitia,
927 2201 1082 2267 quarn
1117 2200 1353 2251 deseritur
1374 2202 1403 2250 ὲ
1418 2202 1558 2249 vitiis
1572 2237 1585 2258 ‚
1610 2216 1746 2251 nunc
1778 2205 1969 2268 peccati
1994 2201 2175 2272 stipen-

220 2265 364 2317 dium
381 2282 575 2317 mortem
595 2282 813 2317 eternam
833 2281 1172 2337 percepturus.
1206 2273 1253 2320 G
1289 2273 1367 2319 Sic
1380 2268 1490 2319 ludi
1505 2267 1665 2332 doci.
1679 2268 1874 2319 facetiae
1904 2268 2062 2322 finem
2074 2272 2169 2322 ha-

218 2334 363 2397 bent;
386 2334 531 2385 silent
547 2334 1274 2408 citharae‚&tibiae‚evanescit
1301 2342 1540 2389 omnium
1566 2339 1799 2389 sensuum
1829 2340 2084 2408 voluptas.
2121 2346 2171 2393 H

216 2409 436 2464 Aurum,
450 2418 730 2474 argentum,
745 2407 956 2473 pretiosa
973 2411 1188 2475 corporis
1201 2407 1501 2458 indumenta
1515 2445 1531 2466 ,
1554 2408 1869 2476 omnemque
1888 2408 2172 2477 supelleeti-

214 2473 318 2522 lem
332 2489 384 2524 ra
420 2479 548 2533 iunt,
569 2477 660 2543 qui
673 2474 885 2542 possunt.
924 2479 965 2525 Ι.
1000 2479 1157 2539 Unica
1171 2475 1347 2527 sindon
1366 2477 1667 2544 relinquitur
1688 2475 1905 2528 deformi
1931 2479 2167 2531 cadaveri

211 2555 358 2610 regen
394 2561 441 2595 o.
479 2546 534 2593 Κ.
571 2547 788 2611 Corpore
807 2556 946 2594 terrae
956 2545 1219 2606 mandate,
1236 2545 1290 2598 &
1306 2549 1361 2596 in
1373 2561 1606 2604 vermes,
1632 2562 1689 2595 ac
1714 2546 2034 2614 putredinem
2060 2548 2167 2599 abi..

210 2624 340 2671 turo,
361 2613 424 2662 ad
442 2613 531 2662 sna
542 2625 860 2664 revertuntur
873 2614 1095 2664 haeredes
1107 2617 1287 2675 ‚vultu
1299 2613 1365 2665 ad
1379 2629 1652 2666 moerorem
1665 2613 1944 2686 compofito
1957 2654 1972 2676 ‚
1989 2621 2163 2670 animo

212 2680 275 2730 ad
288 2681 460 2732 risum.
493 2687 533 2732 1.
567 2685 613 2731 Si
643 2686 760 2751 quis
771 2682 899 2747 forte
914 2683 1238 2751 sepulchrum
1254 2681 1495 2735 tranfiens
1523 2700 1832 2753 magnorum
1858 2689 2161 2748 nominum,

209 2765 388 2817 opum,
399 2749 725 2821 dignitatum,
736 2751 792 2804 ὃ(
803 2767 971 2803 rerum
983 2752 1234 2823 gestarum
1250 2755 1565 2813 meminerit,
1578 2753 1705 2823 quid
1719 2753 1965 2822 proderit?
1980 2759 2157 2817 Canta,

206 2832 407 2869 recanta
420 2819 714 2890 sapientiam
729 2857 747 2880 ‚
767 2822 974 2873 divitias
989 2866 1001 2882 ,
1015 2822 1071 2874 δε
1088 2823 1305 2892 gloriam
1327 2825 1477 2892 Regis
1497 2823 1813 2885 SalomoniS,
1842 2825 2155 2894 omnemque

206 2887 539 2958 quadraginta
568 2904 814 2941 annorum
845 2894 984 2960 regni
1022 2892 1134 2956 ejus
1161 2892 1460 2943 felicitatem
1502 2891 1783 2961 depraedica
1805 2911 1822 2943 z
1863 2895 2158 2959 Transierunt

203 2961 410 3020 omnia;
433 2960 661 3020 fuerunt,
687 2976 792 3011 non
815 2960 957 3011 sunt:
986 2963 1299 3019 Uansz'erunt.
1369 2959 1506 3012 Vere
1519 2964 1720 3013 vanitas
1743 2966 2037 3014 vanitatum
2055 2998 2074 3022 ‚
2096 2961 2152 3015 δε

138 2983 177 3256 Ι
197 3029 374 3076 omnia
384 3031 584 3078 vanitas
598 3041 773 3097 praeter
785 3048 945 3081 amare
955 3037 1142 3090 Deum.
1153 3025 1222 3085 is·
1230 3033 1396 3087 illisoli
1407 3032 1586 3088 fervire.
1680 3030 1900 3083 Observa
1923 3047 2062 3082 nunc
2076 3033 2153 3082 al-

192 3106 362 3148 terum
375 3098 431 3147 in
441 3101 622 3149 mortis
634 3099 847 3151 articulo
880 3103 947 3152 M
980 3099 1311 3154 constitutum
1327 3137 1347 3162 ‚
1363 3101 1453 3171 qui
1464 3102 1558 3152 uni
1582 3103 1697 3151 Deo
1716 3101 1913 3170 placere
1943 3099 2146 3222 stud-ilum

2088 3187 2150 3222 u-

1008 3273 2211 3336 —--··-·-------※
