2461 3449
442 237 447 241 .
2150 195 2189 250 6
2254 172 2255 176 ’

183 196 212 470 ι
365 269 829 336 contemptuss’aendi,
857 270 946 336 qui
963 266 1032 317 est
1046 266 1414 317 abrenuntiatio
1440 275 1557 316 tum
1580 269 1819 326 exterior,
1848 275 1959 337 quae
1987 269 2050 320 fit·
2069 208 2189 339 οξε-

206 335 212 371 3
229 357 296 400 re,
311 352 429 392 tum
442 341 658 397 interior,
671 337 857 407 quaefit
868 337 1136 388 voluntate
1153 339 1392 388 omnium
1407 334 1685 387 vifibilium
1700 373 1714 395 ‚
1731 350 1932 406 propter
1959 355 2189 392 amorem

208 449 212 454 Δ
231 414 342 470 Dei,

370 624 405 672 S
420 625 457 671 P
474 623 513 671 tv:
526 624 560 672 S
591 619 658 669 est
671 622 835 669 virtus
850 618 1175 687 Theologica‚
1191 618 1403 670 residens
1418 623 1473 669 in
1495 620 1790 681 voluntate,
1811 622 1913 690 qua
1938 636 2002 673 ex
2029 629 2185 694 gratia

232 693 344 750 Dei,
358 688 411 740 &
425 692 630 757 propriis
659 692 850 738 meritis
864 688 997 736 certo
1014 688 1266 756 speramus
1287 688 1653 741 beatitudinem
1680 703 1930 742 aeternam.
1972 694 2186 744 Certiffi..

229 776 319 810 ma
333 758 399 809 est
427 759 532 826 spes
560 756 719 807 nostra
737 774 799 806 ex
812 770 950 824 parte
966 761 1076 816 Dei,
1101 756 1200 806 esto
1218 774 1321 807 non
1337 756 1393 807 fit
1411 770 1543 808 certa
1560 776 1620 807 ex
1637 772 1773 826 parte
1787 759 2057 831 nostra‚qui
2073 765 2184 832 pos-

231 828 405 879 sumus
420 843 600 896 ponere
620 825 932 884 obstaculum
944 834 1123 889 peccati.
1160 827 1508 877 Fundamenta
1543 829 1853 879 certitudinis
1880 831 1996 882 sunt
2023 848 2066 884 1.
2094 837 2185 884 Di..

230 900 352 947 vina
368 898 759 963 omnipotentia,
774 896 826 946 &
847 894 1207 954 Misericordia,
1282 896 1350 946 ua
1368 900 1505 945 Deus
1534 896 1689 964 potest
1705 936 1717 955 ‚
1741 915 1796 947 ac
1825 899 1941 949 vult
1972 918 2063 950 nos
2087 901 2183 952 sal-

231 981 365 1016 vare.
393 981 443 1017 2.
482 962 738 1014 Promiffio
774 967 867 1013 Dei
907 963 1195 1026 juramento
1245 913 1654 1023 ffrmatactmtic.
1683 967 1828 1019 Zach.
1857 975 1925 1022 θ’
1956 973 2095 1022 Hebr.
2137 979 2180 1022 6.

235 1051 282 1101 3.
302 1037 568 1090 Divinum,
580 1049 640 1081 ac
658 1032 1002 1082 inaestimabile
1021 1030 1214 1083 donum
1227 1037 1411 1102 proprii
1442 1035 1568 1084 Filii.
1588 1040 1636 1086 Si
1648 1042 1775 1086 enim
1782 1050 1861 1102 pro
1876 1041 2004 1088 nobis·
2030 1047 2180 1091 omni·
2233 1047 2235 1049 ’

236 1106 320 1154 bus
352 1106 547 1152 tradidit
578 1103 745 1163 illum²
773 1107 985 1169 quomodo
1017 1120 1109 1151 non
1135 1121 1246 1154 eum
1269 1106 1341 1153 Mo
1362 1110 1521 1155 omnia
1547 1107 1674 1155 nobis
1699 1105 1928 1162 donavit?
1946 1111 2088 1157 Rom.
2136 1108 2184 1167 8,

233 1169 373 1220 Unde
388 1175 430 1219 S.
449 1168 640 1239 August
659 1175 796 1221 :Plus
819 1169 890 1230 eff,
928 1173 1046 1237 quod
1058 1172 1207 1233 ficit,
1239 1176 1385 1224 dando
1421 1176 1597 1224 Elium
1614 1214 1626 1235 ,
1663 1174 1808 1240 qua'm
1872 1182 1959 1226 uod
1979 1179 2185 1241 promisit

225 1245 527 1308 promittendo
562 1242 765 1305 gloriam
788 1254 807 1304 3
835 1238 877 1289 [ἶ
903 1243 1021 1304 quod
1053 1242 1155 1304 plus
1170 1281 1183 1301 ‚
1208 1252 1416 1292 tenemus
1431 1284 1442 1304 ,
1472 1246 1589 1308 quod
1618 1249 1780 1294 minus
1809 1261 1830 1293 e
1888 1284 1902 1305 ,
1934 1245 2180 1311 speramus}

228 1324 278 1374 4.
297 1310 484 1358 Merita
507 1307 756 1374 sanguinis
796 1305 988 1356 Christi.
1022 1311 1259 1359 Habemus
1291 1315 1642 1377 redemptionem
1668 1325 1745 1377 per
1768 1311 2045 1378 shnguinem
2074 1322 2182 1376 ejus.

230 1376 401 1445 Ephes.
425 1393 469 1429 1.
543 1393 588 1443 ς.
606 1375 839 1426 Efficacia
866 1378 1106 1426 orationis
1142 1377 1251 1441 ejus
1280 1395 1292 1427 ε
1329 1381 1496 1439 Pater,
1535 1398 1645 1445 quos
1682 1380 1837 1440 dedisti
1868 1387 2015 1444 mihi,
2057 1387 2181 1446 volo,

230 1459 285 1495 ut
303 1449 383 1495 ubi
394 1464 465 1510 ego
481 1447 601 1502 sum,
625 1439 692 1499 ἐφ
711 1449 779 1495 iHi
790 1446 883 1503 lint
901 1464 1102 1508 mecum,
1125 1450 1271 1504 Joan:
1316 1460 1394 1513 17.
1437 1445 1718 1497 Interceffio
1744 1446 2034 1499 Beatiffirnae
2064 1453 2185 1501 Vir..

230 1517 378 1584 ginis,
395 1513 447 1565 &
466 1513 684 1564 aliorum
700 1513 1006 1570 Sariaster-um.
1028 1540 1030 1542 ·
1768 1521 1878 1585 Spei
1893 1519 2084 1570 accedit
2101 1548 2115 1584 3

367 1587 573 1641 fiducia,
586 1598 702 1650 quae
717 1581 784 1631 est
799 1582 1096 1650 exspedtatio
1115 1580 1440 1650 firma‚.quod
1455 1586 1710 1634 Dominus
1743 1587 1798 1636 in
1830 1587 2067 1638 omnibus
2098 1604 2188 1639 ne..

231 1648 532 1700 ceffitatibus
552 1688 564 1710 ‚
579 1663 695 1701 tum
715 1650 1078 1719 temporalibus
1106 1662 1232 1702 tum
1243 1652 1579 1719 spiritualibus
1593 1671 1687 1704 nos
1715 1655 1930 1720 juvabit,
1952 1656 2005 1708 ὃς
2024 1661 2078 1709 in
2097 1662 2187 1709 tri-

229 1717 570 1770 bulationibus
591 1737 695 1770 non
714 1720 1040 1788 derelinquet.

370 1793 540 1846 Timor,
562 1791 651 1857 qui
666 1788 732 1837 est
754 1788 872 1857 fuga
894 1790 1100 1856 peccati,
1115 1805 1176 1838 ne
1194 1804 1278 1855 per
1308 1789 1438 1842 illud
1465 1792 1782 1842 incurramus
1817 1808 2024 1860 poenam
2050 1806 2184 1848 tem.

187 1845 206 1913 l
262 1856 469 1916 malem,
490 1868 578 1906 aut
596 1869 863 1907 aeternam:
887 1874 948 1906 ne
969 1856 1239 1924 perdamus
1258 1858 1489 1926 gloriam,
1509 1876 1667 1927 quam
1686 1861 1940 1929 speramus
1966 1882 1978 1913 ε
2010 1881 2076 1914 ne
2108 1865 2186 1916 la-

229 1876 409 1975 gamm
426 1928 480 1976 in
498 1925 741 1976 offensam
753 1924 903 1974 nostri
923 1929 1186 1976 Creatoris.
1256 1931 1376 1978 Duo
1395 1931 1549 1995 ptimi
1563 1929 1699 1980 aQus
1717 1930 1834 1982 sunt
1854 1935 2053 1984 timoris
2083 1936 2189 2000 sin-

227 1998 354 2056 vile's,
377 1998 552 2059 tertius
569 1994 635 2044 est
650 1997 846 2044 timoris
868 1998 1046 2055 filialis.
1520 1998 1527 2003 '
2163 2023 2170 2028 ·

229 2110 1634 2133 ——ssmm

364 2194 511 2242 ΒΗΛ
525 2194 704 2242 RITA
722 2195 757 2243 S
791 2197 896 2243 AD
934 2197 983 2242 D
998 2195 1174 2244 EUM
1201 2191 1270 2243 est
1292 2196 1472 2256 virtus,
1504 2197 1606 2265 quii
1623 2198 1791 2266 ipsum
1819 2217 1924 2250 non
1949 2202 2183 2254 obtimo-

180 2189 202 2460 Ι
226 2274 333 2307 rem
347 2275 525 2327 poenae,
545 2275 635 2308 nec
651 2259 714 2308 ob
726 2259 867 2330 spem
881 2264 1100 2328 proemii,
1116 2261 1202 2360 secl
1212 2275 1410 2332 propter
1428 2265 1673 2336 seipsum,
1693 2269 1749 2321 &
1767 2268 1830 2318 ob
1859 2270 2006 2322 suam
2038 2272 2184 2323 boni..

227 2339 387 2377 tatem
406 2327 682 2396 diligimus,
1775 2342 1891 2396 Huc
1905 2340 2111 2407 spc<stat:

367 2398 503 2446 Zelus
528 2402 709 2447 honoris
727 2403 834 2458 Dei,
867 2399 955 2465 qui
971 2396 1037 2448 est
1050 2400 1269 2452 intensus
1285 2406 1391 2453 veri
1407 2407 1646 2454 amatoris
1667 2404 1872 2456 affectus
1889 2445 1901 2466 ‚
1928 2426 2032 2478 quo
2066 2410 2181 2460 dili-

225 2462 504 2533 gentiffime
529 2468 707 2533 quaerit
735 2467 980 2518 honorem
995 2470 1105 2528 Dei,
1127 2468 1180 2520 δε
1210 2471 1462 2541 quidquid
1492 2473 1614 2524 huic
1628 2478 1901 2543 opponitur
1919 2514 1934 2538 ‚
1968 2477 2182 2540 fortiter,

227 2532 605 2602 constanterque
621 2535 827 2602 repellit.
1767 2592 1783 2599 N

365 2607 622 2660 Gaudium,
671 2619 741 2653 uo
770 2604 1034 2664 laetamur,
1051 2606 1107 2658 ὃς
1129 2608 1427 2660 exultamus
1457 2610 1518 2660 de
1543 2610 1802 2679 praesentia
1833 2616 1930 2666 Dei
1956 2617 2182 2669 innubis

224 2687 310 2739 per
319 2671 618 2740 gratiam‚&
634 2620 694 2722 de
710 2671 918 2725 infinitis
951 2675 1331 2744 perfeffionibus
1345 2717 1360 2739 ‚
1379 2694 1492 2748 quae
1522 2684 1576 2731 in
1599 2683 1709 2730 Deo
1728 2682 1860 2734 sunt.

227 2805 2181 2836 **—**-*⁸*

363 2873 403 2919 R
426 2873 466 2920 E
481 2876 523 2921 L
540 2874 568 2920 1
579 2875 623 2922 G
637 2877 714 2923 10
746 2870 828 2930 est,
847 2871 950 2941 qui
961 2876 1088 2934 Dec,
1104 2886 1352 2943 tanquam
1364 2881 1604 2931 omnium
1619 2883 1859 2946 Creatori3
1875 2882 1929 2935 ὃ(
1956 2887 2182 2935 Domino

227 2934 460 2991 debit-um
475 2939 691 3000 cultum,
704 2939 756 2992 ὃς
770 2942 1019 2993 honorem
1040 2943 1355 2997 exhibemus.

1603 3017 1686 3067 Ad
1705 3019 1836 3069 hanc
1863 3021 2072 3088 pertinet
2097 3037 2109 3071 τ

362 3079 662 3137 Poenitmtia‚
692 3077 795 3147 quii
827 3091 1031 3147 peccata
1062 3080 1247 3141 nostra,
1277 3094 1336 3133 ut
1363 3082 1478 3134 sunt
1504 3087 1598 3135 Dei
1625 3085 1826 3145 offensa,
1857 3087 2177 3149 detestamur,

224 3139 277 3194 &
296 3141 361 3194 ad
371 3158 551 3198 eorum
564 3149 975 3216 expiationem&
988 3149 1386 3221 satisfaffionem
1404 3158 1575 3205 venire
1593 3155 1964 3208 contendimus,

1989 3230 1994 3234 '
2023 3228 2179 3276 Cultu!
2231 3292 2252 3309 l

1090 3312 1358 3341 m
